@article{van1997convenience,
  title={The convenience of tilings},
  author={van Emde Boas, Peter},
  journal={Lecture Notes in Pure and Applied Mathematics},
  pages={331--363},
  year={1997},
  publisher={MARCEL DEKKER AG}
}
@book{ebbinghaus1999finite,
  title={Finite Model Theory},
  author={Ebbinghaus, H.D. and Flum, J.},
  isbn={9783540657583},
  lccn={99039853},
  series={Perspectives in Mathematical Logic},
  url={https://books.google.bg/books?id=-XK9UnnRl6gC},
  year={1999},
  publisher={Springer Berlin Heidelberg}
}
@inproceedings{kieronski2005small,
  title={Small substructures and decidability issues for first-order logic with two variables},
  author={Kieronski, Emanuel and Otto, Martin},
  booktitle={Logic in Computer Science, 2005. LICS 2005. Proceedings. 20th Annual IEEE Symposium on},
  pages={448--457},
  year={2005},
  organization={IEEE}
}
@article{kieronski2014two,
  title={Two-variable first-order logic with equivalence closure},
  author={Kieronski, Emanuel and Michaliszyn, Jakub and Pratt-Hartmann, Ian and Tendera, Lidia},
  journal={SIAM Journal on Computing},
  volume={43},
  number={3},
  pages={1012--1063},
  year={2014},
  publisher={SIAM}
}